@figure{img1,
  author = "Tali Garsiel",
  title = "Rendering engine basic flow",
  file = "uvod.png",
  date = "2023",
  howpublished = "\url{https://web.dev/static/articles/howbrowserswork/image/rendering-engine-basic-fl-2fba02b24e871_1920.png}",
}

% zdroj na webe
@misc{ako_prehliadace_funguju,
	author = "Tali Garsiel",
	title = "How browsers work",
	howpublished = "\url{https://web.dev/articles/howbrowserswork}",
}

@figure{img2,
  author = "Mohamed, Azza and Ismail, Ibrahim",
  title = "A Performance Comparative on Most Popular Internet Web Browsers",
  file = "speedometer.png",
  howpublished = "\url{https://www.sciencedirect.com/science/article/pii/S1877050922021329?ref=cra_js_challenge&fr=RR-1}",
  pages = {5}
}
@figure{img3,
  author = "Mohamed, Azza and Ismail, Ibrahim",
  title = "A Performance Comparative on Most Popular Internet Web Browsers",
  file = "speedometer.png",
  howpublished = "\url{https://www.sciencedirect.com/science/article/pii/S1877050922021329?ref=cra_js_challenge&fr=RR-1}",
  pages = {6}
}


@figure{graph1,
  author = "Mohamed, Azza and Ismail, Ibrahim",
  title = "A Performance Comparative on Most Popular Internet Web Browsers",
  file = "graph1.png",
  howpublished = "\url{https://www.sciencedirect.com/science/article/pii/S1877050922021329?ref=cra_js_challenge&fr=RR-1}",
}

@figure{graph2,
  author = "Alex Robbins",
  title = "Which Browsers Use the Least Memory in 2023",
  file = "graph2.png",
  howpublished = "\url{https://cloudzy.com/blog/which-browsers-use-the-least-memory/}",
}

@figure{graph4,
  author = "Mohamed, Azza and Ismail, Ibrahim",
  title = "A Performance Comparative on Most Popular Internet Web Browsers",
  file = "graph4.png",
  howpublished = "\url{https://www.sciencedirect.com/science/article/pii/S1877050922021329?ref=cra_js_challenge&fr=RR-1}",
}


@article{browser_comparison,
  title={A Performance Comparative on Most Popular Internet Web Browsers},
  author={Mohamed, Azza and Ismail, Ibrahim},
  journal={Procedia Computer Science},
  volume={215},
  pages={589--597},
  year={2022},
  publisher={Elsevier}
}
@article{browser_compare_ram,
  title={Which Browsers Use the Least Memory in 2023},
  author={Alex Robbins},
  year={2023},
    howpublished = "\url{https://cloudzy.com/blog/which-browsers-use-the-least-memory/}",
}

@ARTICLE{cite_whattheydo,

    author={Leith, Douglas J.},
    journal={IEEE Access}, 
    title={Web Browser Privacy: What Do Browsers Say When They Phone Home?}, 
    year={2021},
    volume={9},
    pages={41615-41627},
    doi={10.1109/ACCESS.2021.3065243}
}
@INPROCEEDINGS{6732784,
    author={Mazher, Noman and Ashraf, Imran and Altaf, Ayesha},
    booktitle={2013 5th International Conference on Information and Communication Technologies}, 
    title={Which web browser work best for detecting phishing}, 
    year={2013},
    volume={},
    number={},
    pages={1-5},
    doi={10.1109/ICICT.2013.6732784}
}
